<?xml version="1.0" encoding="UTF-8"?><record xmlns="http://www.loc.gov/MARC21/slim" xmlns:cinclude="http://apache.org/cocoon/include/1.0" xmlns:zs="http://www.loc.gov/zing/srw/">
  <leader>00309nz  a2200121n  4500</leader>
  <controlfield tag="001">no 93037024 </controlfield>
  <controlfield tag="003">DLC</controlfield>
  <controlfield tag="005">19931207184901.2</controlfield>
  <controlfield tag="008">931206n| acannaab|          |n ana     c</controlfield>
  <datafield tag="010" ind1=" " ind2=" ">
    <subfield code="a">no 93037024 </subfield>
  </datafield>
  <datafield tag="040" ind1=" " ind2=" ">
    <subfield code="a">InU</subfield>
    <subfield code="c">InU</subfield>
  </datafield>
  <datafield tag="110" ind1="2" ind2="0">
    <subfield code="a">Ohio Writing Project</subfield>
  </datafield>
  <datafield tag="670" ind1=" " ind2=" ">
    <subfield code="a">Teachers at work, 1983:</subfield>
    <subfield code="b">t.p. (Ohio Writing Project)</subfield>
  </datafield>
</record>